<?xml version="1.0" encoding="UTF-8"?><collection xmlns="http://www.loc.gov/MARC21/slim"><record><leader>00375nam--2200133-i-4500</leader><controlfield tag="001">000019441</controlfield><controlfield tag="002">20161230</controlfield><controlfield tag="005">20161230201033</controlfield><controlfield tag="008">060222s1000------------r-----000-0-eng-d</controlfield><datafield ind1=" " ind2=" " tag="245"><subfield code="a">Inorganic reaction mechanisms.part ii</subfield></datafield><datafield ind1=" " ind2=" " tag="260"><subfield code="a">New York, Interscience Publication, 1972. Vii + 584 P</subfield></datafield><datafield ind1=" " ind2=" " tag="490"><subfield code="a">Progress In Inorganic Chemistry</subfield></datafield><datafield ind1=" " ind2=" " tag="700"><subfield code="a">Edwards, John O</subfield></datafield><datafield ind1=" " ind2=" " tag="852"><subfield code="a">15936</subfield></datafield></record></collection>